% scibib.bib

% This is the .bib file used to compile the document "A simple Science
% template" (scifile.tex).  It is not intended as an example of how to
% set up your BibTeX file.

@misc{stm-1,
	note = "The STM Report: An overview of scientific and scholarly journal publishing, International Association of Scientific, Technical and Medical Publishers\\
	\href{http://www.stm-assoc.org/2015_02_20_STM_Report_2015.pdf}{http://www.stm-assoc.org/2015\_02\_20\_STM\_Report\_2015.pdf}",
}

@misc{statista-1,
	note = "Global box office revenue from 2016 to 2020 (in billion U.S. dollars)\\
	\href{https://www.statista.com/statistics/259987/global-box-office-revenue/}{https://www.statista.com/statistics/259987/global-box-office-revenue/}"
}

@misc{ifpi-1,
	note = "IFPI: Global Music Report 2016: State of the Industry \\ \href{http://www.ifpi.org/downloads/GMR2016.pdf}{http://www.ifpi.org/downloads/GMR2016.pdf}"
}

@misc{guardian-1,
	note = "Is the staggeringly profitable business of scientific publishing bad for science? \\ \href{https://www.theguardian.com/science/2017/jun/27/profitable-business-scientific-publishing-bad-for-science}{https://www.theguardian.com/science/2017/jun/27/profitable-business-scientific-publishing-bad-for-science}"

}

@misc{nature-1,
	note = "US court grants Elsevier millions in damages from Sci-Hub \\ \href{https://www.nature.com/news/us-court-grants-elsevier-millions-in-damages-from-sci-hub-1.22196}{https://www.nature.com/news/us-court-grants-elsevier-millions-in-damages-from-sci-hub-1.22196}"
}

@misc{ethereum-1,
	note = "Ethereum project\\ 
	\href{https://www.ethereum.org/}{https://www.ethereum.org/}"
}

@misc{ipfs-1,
	note = "IPFS is the Distributed Web\\ 
	\href{https://ipfs.io/}{https://ipfs.io/}"
}

@article{janze2017design,
	author={Janze, Christian},
	title={DESIGN OF A DECENTRALIZED PEER-TO-PEER REVIEWING AND PUBLISHING MARKET},
	journal={Proceedings of the 25th European Conference on Information Systems (ECIS)},
	pages={1713--1725},
	year={2017},
	note = "\href{http://aisel.aisnet.org/ecis2017_rp/110/}{http://aisel.aisnet.org/ecis2017\_rp/110/}"
}

@book{swan2015blockchain,
	title={Blockchain: Blueprint for a new economy},
	author={Swan, Melanie},
	year={2015},
	publisher={O'Reilly Media, Inc},
	note = "\href{http://w2.blockchain-tec.net/blockchain/blockchain-by-melanie-swan.pdf}{http://w2.blockchain-tec.net/blockchain/blockchain-by-melanie-swan.pdf}"
}

@article{swist2018academic,
	title={Academic Publishing and its Digital Binds: Beyond the Paywall towards Ethical Executions of Code},
	author={Swist, Teresa and Magee, Liam},
	journal={Culture Unbound: Journal of Current Cultural Research},
	volume={9},
	number={3},
	pages={240--259},
	year={2018},
	publisher={Link{\"o}ping University Electronic Press},
	note = "\href{http://www.cultureunbound.ep.liu.se/v9/a17/cu17v9a17.pdf}{http://www.cultureunbound.ep.liu.se/v9/a17/cu17v9a17.pdf}"
}

@article{spearpoint2017proposed,
	title={A Proposed Currency System for Academic Peer Review Payments Using the BlockChain Technology},
	author={Spearpoint, Michael},
	journal={MDPI Publications},
	volume={5},
	number={3},
	pages={19},
	year={2017},
	publisher={Multidisciplinary Digital Publishing Institute},
	note = "\href{http://www.mdpi.com/2304-6775/5/3/19/pdf}{http://www.mdpi.com/2304-6775/5/3/19/pdf}"
}

@misc{metamask-1,
	note = "MetaMask is a bridge that allows you to visit the distributed web of tomorrow in your browser today.\\ 
	\href{https://metamask.io/}{https://metamask.io/}"
}

@misc{infura-1,
	note = "Infura is a secure, reliable, and scalable access to Ethereum and IPFS.\\ 
	\href{https://infura.io/}{https://infura.io/}"
}











